@article{mcclelland1986,
  title={The TRACE model of speech perception},
  author={McClelland, James L and Elman, Jeffrey L},
  journal={Cognitive psychology},
  volume={18},
  number={1},
  pages={1--86},
  year={1986},
  publisher={Elsevier}
}

@article{warren1970,
  title={Perceptual restoration of missing speech sounds},
  author={Warren, Richard M},
  journal={Science},
  volume={167},
  number={3917},
  pages={392--393},
  year={1970},
  publisher={American Association for the Advancement of Science}
}

@article{mcgurk1976,
  title={Hearing lips and seeing voices},
  author={McGurk, Harry and MacDonald, John},
  journal={Nature},
  volume={264},
  number={5588},
  pages={746},
  year={1976},
  publisher={Nature Publishing Group}
}

  @article{mcqueen2009,
  title={No lexical--prelexical feedback during speech perception or: Is it time to stop playing those Christmas tapes?},
  author={McQueen, James M and Jesse, Alexandra and Norris, Dennis},
  journal={Journal of Memory and Language},
  volume={61},
  number={1},
  pages={1--18},
  year={2009},
  publisher={Elsevier}
}

@article{kutas1980,
  title={Reading senseless sentences: Brain potentials reflect semantic incongruity},
  author={Kutas, Marta and Hillyard, Steven A},
  journal={Science},
  volume={207},
  number={4427},
  pages={203--205},
  year={1980},
  publisher={American Association for the Advancement of Science}
}

@article{groppe2010,
  title={The phonemic restoration effect reveals pre-N400 effect of supportive sentence context in speech perception},
  author={Groppe, David M and Choi, Marvin and Huang, Tiffany and Schilz, Joseph and Topkins, Ben and Urbach, Thomas P and Kutas, Marta},
  journal={Brain research},
  volume={1361},
  pages={54--66},
  year={2010},
  publisher={Elsevier}
}

@article{van2001,
  title={Electrophysiological evidence for early contextual influences during spoken-word recognition: N200 versus N400 effects},
  author={Van Den Brink, Dani{\"e}lle and Brown, Colin M and Hagoort, Peter},
  journal={Journal of cognitive neuroscience},
  volume={13},
  number={7},
  pages={967--985},
  year={2001},
  publisher={MIT Press}
}

@article{diaz2007,
  title={Electrophysiological differentiation of phonological and semantic integration in word and sentence contexts},
  author={Diaz, Michele T and Swaab, Tamara Y},
  journal={Brain research},
  volume={1146},
  pages={85--100},
  year={2007},
  publisher={Elsevier}
}

@article{dikker2011,
  title={Before the N400: Effects of lexical--semantic violations in visual cortex},
  author={Dikker, Suzanne and Pylkkanen, Liina},
  journal={Brain and Language},
  volume={118},
  number={1-2},
  pages={23--28},
  year={2011},
  publisher={Elsevier}
}
